% --- background & related work papers
@article{BD2K,
title = "Envisioning the future of ‘big data’ biomedicine",
journal = "Journal of Biomedical Informatics",
volume = "69",
pages = "115 - 117",
year = "2017",
issn = "1532-0464",
doi = "https://doi.org/10.1016/j.jbi.2017.03.017",
url = "http://www.sciencedirect.com/science/article/pii/S1532046417300709",
author = "Alex A.T. Bui and John Darrell Van Horn",
keywords = "Biomedicine, Data science, Software, Computing, Training"
}

@online{PIC-SURE,
    title     = "Patient-centered Information Commons: Standardized Unification of Research Elements",
    url       = "https://pic-sure.org/"
}

@online{IRCT-github,
    title     = "IRCT Source Code",
    url       = "https://github.com/hms-dbmi/IRCT"
}

@online{PIC-SURE-API,
    title     = "PIC-SURE RESTful API Documentation",
    url       = "http://bd2k-picsure.hms.harvard.edu"
}

@online{tranSMART-REST-API,
    title     = "tranSMART REST API",
    url       = "https://transmart.thehyve.net/open-api/"
}

@online{i2b2-docs,
    title     = "i2b2 Documentation",
    url       = "https://www.i2b2.org/software/index.html"
}

% --- wikipedia links
@online{wiki:hibernate,
    title     = "Hibernate Framework",
    url       = "https://en.wikipedia.org/wiki/Hibernate_(framework)"
}
@online{wiki:war,
    title     = "Web Application Archive (WAR)",
    url       = "https://en.wikipedia.org/wiki/WAR_(file_format)"
}
@online{wiki:jaxrs,
    title   = "JAX-RS: Java API for RESTful Web Services",
    url     = "https://en.wikipedia.org/wiki/Java_API_for_RESTful_Web_Services"
}

% --- github links ---
@online{angular-auth-oidc-client,
    title     = "angular-auth-oidc-client OpenID Connect and OAuth2 protocols client Angular library",
    author    = "Damien Bod",
    url       = "https://github.com/damienbod/angular-auth-oidc-client"
}


% --- papers --- for medco
@inproceedings{HT13,
  title={Privacy-preserving computation of disease risk by using genomic, clinical, and environmental data},
  author={Erman Ayday, Jean-Louis Raisaro, Paul J. McLaren, Jacques Fellay, and Jean-Pierre Hubaux},
  booktitle={Proceedings of USENIX Security Workshop on Health Information Technologies},
  organization={HealthTech},
  year={2013}
}

@inproceedings{PETS14,
	author		= "Jean-Louis Raisaro, Erman Ayday, Paul J. McLaren, Jean-Pierre Hubaux, and Amalio Telenti",
	title		= "Privacy-Preserving HIV Pharmacogenetics: A Real Use Case of Genomic Data Protection",
	booktitle	= "1st Workshop on Genome Privacy",
	organization = "GenoPri (in conjunction with PETS)",
	year		= "2014",
	month		= "7"
}

@inproceedings{NDSS15,
	author		= "Jean-Louis Raisaro, Erman Ayday, Paul J. McLaren, Jean-Pierre Hubaux, and Amalio Telenti",
	title		= "Privacy Association Studies on Encrypted Genomic-Phenomic Data",
	booktitle	= "The 2015 Network and Distributed System Security Symposium",
	organization= {NDSS},
	year		= "2015"
}

@inproceedings{ACM13,
  title={Protecting and evaluating genomic privacy in medical tests and personalized medicine},
  author={Erman Ayday, Jean-Louis Raisaro, Jacques Rougemont, and Jean-Pierre Hubaux},
  booktitle={Proceedings of the 12th ACM workshop on Workshop on privacy in the electronic society (ACM '13)},
  pages={95--106},
  year={2013},
  organization={ACM}
}

@inproceedings{WIFS12,
  title={Improving the DGK comparison protocol},
  author={Thijs Veugen},
  booktitle={WIFS '12},
  pages={49--54},
  year={2012}
}

@thesis{FY14MT,
author={Franck Youssef},
title={Genomic privacy: A New Cryptographic Solution for Efficient Susceptibility Tests and Solution Deployment},
school={LCA1 Lab, EPFL},
year={2014}
}

% --- links

@online{EJML,
    author    = "Peter Abeles",
    title     = "Efficient Java Matrix Library",
    url       = "http://code.google.com/p/efficient-java-matrix-library/"
}

% todo==========
%References
%B2DK PIC-SURE RESTful API http://bd2k-picsure.hms.harvard.edu/
%Study that used pic-sure: https://www.nature.com/articles/sdata201696
%B2dk page:https://commonfund.nih.gov/bd2k
%HMS Department of Biomedical Informatics [hms-dbmi]: https://dbmi.hms.harvard.edu/
%API documentation http://bd2k-picsure.hms.harvard.edu/docs/IRCT_Protocol_1.0.pdf
%<<< the 1.1 exists as well: https://github.com/hms-dbmi/bd2k-picsure.hms.harvard.edu/blob/master/www/docs/IRCT%20Protocol%201.1.pdf
%Publications list:https://bd2kccc.org/picsure/ <<< on the nd2k coordination center
%More doc: https://github.com/hms-dbmi/bd2k-picsure.hms.harvard.edu/blob/master/www/UserDoc/index.md
