

@online{tranSMART-REST-API,
    title     = "tranSMART REST API",
    url       = "https://transmart.thehyve.net/open-api/"
}

@online{i2b2-docs,
    title     = "i2b2 Documentation",
    url       = "https://www.i2b2.org/software/index.html"
}

% --- wikipedia links

@online{wiki:jaxrs,
    title   = "JAX-RS: Java API for RESTful Web Services",
    url     = "https://en.wikipedia.org/wiki/Java_API_for_RESTful_Web_Services"
}

% --- RFCs ---
% @techreport{rfc1654,
%   AUTHOR = "Yakov Rekhter and Tony Li",
%   TITLE = "{A Border Gateway Protocol 4 (BGP-4)}",
%   HOWPUBLISHED = {Internet Requests for Comments},
%   TYPE="{RFC}",
%   NUMBER=1654,
%   PAGES = {1-56},
%   YEAR = {1995},
%   MONTH = {July},
%   ISSN = {2070-1721},
%   PUBLISHER = "{RFC Editor}",
%   INSTITUTION = "{RFC Editor}",
%   URL={https://www.rfc-editor.org/rfc/rfc1654.txt}
%   }

% --- github links ---
@online{angular-auth-oidc-client,
    title     = "angular-auth-oidc-client OpenID Connect and OAuth2 protocols client Angular library",
    author    = "Damien Bod",
    url       = "https://github.com/damienbod/angular-auth-oidc-client"
}


% --- papers --- for medco
@inproceedings{HT13,
  title={Privacy-preserving computation of disease risk by using genomic, clinical, and environmental data},
  author={Erman Ayday, Jean-Louis Raisaro, Paul J. McLaren, Jacques Fellay, and Jean-Pierre Hubaux},
  booktitle={Proceedings of USENIX Security Workshop on Health Information Technologies},
  organization={HealthTech},
  year={2013}
}

@inproceedings{PETS14,
	author		= "Jean-Louis Raisaro, Erman Ayday, Paul J. McLaren, Jean-Pierre Hubaux, and Amalio Telenti",
	title		= "Privacy-Preserving HIV Pharmacogenetics: A Real Use Case of Genomic Data Protection",
	booktitle	= "1st Workshop on Genome Privacy",
	organization = "GenoPri (in conjunction with PETS)",
	year		= "2014",
	month		= "7"
}

@inproceedings{NDSS15,
	author		= "Jean-Louis Raisaro, Erman Ayday, Paul J. McLaren, Jean-Pierre Hubaux, and Amalio Telenti",
	title		= "Privacy Association Studies on Encrypted Genomic-Phenomic Data",
	booktitle	= "The 2015 Network and Distributed System Security Symposium",
	organization= {NDSS},
	year		= "2015"
}

@inproceedings{ACM13,
  title={Protecting and evaluating genomic privacy in medical tests and personalized medicine},
  author={Erman Ayday, Jean-Louis Raisaro, Jacques Rougemont, and Jean-Pierre Hubaux},
  booktitle={Proceedings of the 12th ACM workshop on Workshop on privacy in the electronic society (ACM '13)},
  pages={95--106},
  year={2013},
  organization={ACM}
}

@inproceedings{WIFS12,
  title={Improving the DGK comparison protocol},
  author={Thijs Veugen},
  booktitle={WIFS '12},
  pages={49--54},
  year={2012}
}

@thesis{FY14MT,
author={Franck Youssef},
title={Genomic privacy: A New Cryptographic Solution for Efficient Susceptibility Tests and Solution Deployment},
school={LCA1 Lab, EPFL},
year={2014}
}

% --- links

@online{EJML,
    author    = "Peter Abeles",
    title     = "Efficient Java Matrix Library",
    url       = "http://code.google.com/p/efficient-java-matrix-library/"
}

% --- todo entry ---
@online{todo,
    title     = "todo",
    url       = "todo"
}

% todo==========
%References
%B2DK PIC-SURE RESTful API http://bd2k-picsure.hms.harvard.edu/
%Study that used pic-sure: https://www.nature.com/articles/sdata201696
%B2dk page:https://commonfund.nih.gov/bd2k
%HMS Department of Biomedical Informatics [hms-dbmi]: https://dbmi.hms.harvard.edu/
%API documentation http://bd2k-picsure.hms.harvard.edu/docs/IRCT_Protocol_1.0.pdf
%<<< the 1.1 exists as well: https://github.com/hms-dbmi/bd2k-picsure.hms.harvard.edu/blob/master/www/docs/IRCT%20Protocol%201.1.pdf
%Publications list:https://bd2kccc.org/picsure/ <<< on the nd2k coordination center
%More doc: https://github.com/hms-dbmi/bd2k-picsure.hms.harvard.edu/blob/master/www/UserDoc/index.md
