@online{github:IRCT,
    title     = "IRCT Source Code",
    url       = "https://github.com/hms-dbmi/IRCT"
}

@online{github:i2b2-webclient,
    title     = "i2b2 Webclient Source Code",
    url       = "https://github.com/i2b2/i2b2-webclient"
}

@online{github:i2b2-workbench,
    title     = "i2b2 Workbench Source Code",
    url       = "https://github.com/i2b2/i2b2-workbench"
}

@online{github:transmartapp,
    title     = "tranSMARTApp Source Code",
    url       = "https://github.com/transmart/transmartApp"
}

@online{github:gb,
    title     = "Glowing Bear Source Code",
    url       = "https://github.com/thehyve/glowing-bear"
}

@online{github:gopherjs,
    title     = "GopherJS - A compiler from Go to JavaScript",
    url       = "https://github.com/gopherjs/gopherjs"
}

