@online{gdpr,
    title     = "2018 reform of EU data protection rules",
    url       = "https://ec.europa.eu/commission/priorities/justice-and-fundamental-rights/data-protection/2018-reform-eu-data-protection-rules_en"
}

@online{gb,
    title     = "Glowing Bear: Modern cohort selector for i2b2 tranSMART",
    url       = "https://glowingbear.app"
}

@online{axis2,
    title     = "Apache Axis2/Java - Next Generation Web Services",
    url       = "http://axis.apache.org/axis2/java/core/"
}

@online{yui,
    title     = "YUI Library",
    url       = "https://yuilibrary.com/"
}

@online{groovy,
    title     = "The Apache Groovy programming language",
    url       = "http://groovy-lang.org/"
}

@online{PIC-SURE,
    title     = "Patient-centered Information Commons: Standardized Unification of Research Elements",
    url       = "https://pic-sure.org/"
}

@online{PIC-SURE-API,
    title     = "PIC-SURE RESTful API Documentation",
    url       = "http://bd2k-picsure.hms.harvard.edu"
}

@online{keycloak,
    title     = "Keycloak: Open Source Identity and Access Management",
    url       = "https://www.keycloak.org/"
}

@online{golang,
    title     = "The Go Programming Language",
    url       = "https://golang.org/"
}


@online{npm,
    title     = "npm: the package manager for javascript",
    url       = "https://www.npmjs.com/"
}

@online{hail,
    title     = "Hail: an open-source, scalable framework for exploring and analyzing genomic data",
    url       = "https://hail.is/index.html"
}

@online{livy,
    title     = "Apache Livy: A REST Service for Apache Spark",
    url       = "https://livy.incubator.apache.org/"
}
