@article{scollen2017data,
  title={From the Data on Many, Precision Medicine for One: The Case for Widespread Genomic Data Sharing},
  author={Scollen, Serena and Page, Angela and Wilson, Julia and others},
  journal={Biomedicine Hub},
  volume={2},
  number={Suppl. 1},
  pages={15--15},
  year={2017},
  publisher={Karger Publishers}
}

% i2b2 paper
@article{murphy2010serving,
  title={Serving the enterprise and beyond with informatics for integrating biology and the bedside (i2b2)},
  author={Murphy, Shawn N and Weber, Griffin and Mendis, Michael and Gainer, Vivian and Chueh, Henry C and Churchill, Susanne and Kohane, Isaac},
  journal={Journal of the American Medical Informatics Association},
  volume={17},
  number={2},
  pages={124--130},
  year={2010},
  publisher={BMJ Group}
}

% transmart paper
@article{scheufele2014transmart,
  title={tranSMART: an open source knowledge management and high content data analytics platform},
  author={Scheufele, Elisabeth and Aronzon, Dina and Coopersmith, Robert and McDuffie, Michael T and Kapoor, Manish and Uhrich, Christopher A and Avitabile, Jean E and Liu, Jinlei and Housman, Dan and Palchuk, Matvey B},
  journal={AMIA Summits on Translational Science Proceedings},
  volume={2014},
  pages={96},
  year={2014},
  publisher={American Medical Informatics Association}
}

% hipaa
@article{centers2003hipaa,
  title={HIPAA privacy rule and public health. Guidance from CDC and the US Department of Health and Human Services},
  author={Centers for Disease Control and Prevention and others},
  journal={MMWR: Morbidity and mortality weekly report},
  volume={52},
  number={Suppl. 1},
  pages={1--17},
  year={2003},
  publisher={US Centers for Disease Control and Prevention}
}

% medco journal
@ARTICLE{medco, 
author={J. L. Raisaro and J. Troncoso-Pastoriza and M. Misbach and J. SÃ¡ Sousa and S. Pradervand and E. Missiaglia and O. Michielin and B. Ford and J. Hubaux}, 
journal={IEEE/ACM Transactions on Computational Biology and Bioinformatics}, 
title={MedCo: Enabling Secure and Privacy-Preserving Exploration of Distributed Clinical and Genomic Data}, 
year={2018}, 
volume={}, 
number={}, 
pages={1-1}, 
keywords={Encryption;Bioinformatics;Genomics;Distributed databases;Data privacy;Secure data-sharing;homomorphic encryption;differential privacy;i2b2;distributed data;decentralized trust;genomic privacy}, 
doi={10.1109/TCBB.2018.2854776}, 
ISSN={1545-5963}, 
month={},
}

@incollection{nahler2009icd,
  title={ICD-9 code},
  author={Nahler, Gerhard},
  booktitle={Dictionary of Pharmaceutical Medicine},
  pages={88--88},
  year={2009},
  publisher={Springer}
}

@article{bd2k,
  title={Envisioning the future of big data biomedicine},
  author={Bui, Alex AT and Van Horn, John Darrell and NIH BD2K Centers Consortium and others},
  journal={Journal of biomedical informatics},
  volume={69},
  pages={115--117},
  year={2017},
  publisher={Elsevier}
}

@inproceedings{bierman2014understanding,
  title={Understanding typescript},
  author={Bierman, Gavin and Abadi, Martin and Torgersen, Mads},
  booktitle={European Conference on Object-Oriented Programming},
  pages={257--281},
  year={2014},
  organization={Springer}
}

% collective authority
@article{syta2015certificate,
  title={Certificate cothority: Towards trustworthy collective cas},
  author={Syta, Ewa and Tamas, Iulia and Visher, Dylan and Wolinsky, David Isaac and Ford, Bryan},
  journal={Hot Topics in Privacy Enhancing Technologies (HotPETs)},
  volume={7},
  year={2015},
  publisher={Citeseer}
}

% shrine
@article{shrine,
  title={The Shared Health Research Information Network (SHRINE): a prototype federated query tool for clinical data repositories},
  author={Weber, Griffin M and Murphy, Shawn N and McMurry, Andrew J and MacFadden, Douglas and Nigrin, Daniel J and Churchill, Susanne and Kohane, Isaac S},
  journal={Journal of the American Medical Informatics Association},
  volume={16},
  number={5},
  pages={624--630},
  year={2009},
  publisher={BMJ Group BMA House, Tavistock Square, London, WC1H 9JR}
}

% borderline
@INPROCEEDINGS{borderline, 
author={A. Oehmichen and F. Guitton and P. Agapow and I. Emam and Y. Guo}, 
booktitle={2018 IEEE 38th International Conference on Distributed Computing Systems (ICDCS)}, 
title={A Multi Tenant Computational Platform for Translational Medicine}, 
year={2018}, 
volume={}, 
number={}, 
pages={1553-1556}, 
doi={10.1109/ICDCS.2018.00167}, 
ISSN={2575-8411}, 
month={7},
}

% otp
@article{rayes2011one,
  title={One-time password},
  author={Rayes, Mohamed Omar},
  journal={Encyclopedia of Cryptography and Security},
  pages={885--887},
  year={2011},
  publisher={Springer}
}

% docker
@article{merkel2014docker,
  title={Docker: lightweight linux containers for consistent development and deployment},
  author={Merkel, Dirk},
  journal={Linux Journal},
  volume={2014},
  number={239},
  pages={2},
  year={2014},
  publisher={Belltown Media}
}

% rest
@article{rest,
  title={Representational state transfer},
  author={Fielding, Roy},
  journal={Architectural Styles and the Design of Netowork-based Software Architecture},
  pages={76--85},
  year={2000}
}

% scidb
@inproceedings{brown2010overview,
  title={Overview of SciDB: large scale array storage, processing and analysis},
  author={Brown, Paul G},
  booktitle={Proceedings of the 2010 ACM SIGMOD International Conference on Management of data},
  pages={963--968},
  year={2010},
  organization={ACM}
}