@techreport{rfc:jwt,
  title={Json web token (jwt)},
  author={Jones, Michael and Bradley, John and Sakimura, Nat},
  year={2015}
}

@article{rfc:oidc,
  title={OpenID Connect Core 1.0 incorporating errata set 1},
  author={Sakimura, Nat and Bradley, John and Jones, Mike and de Medeiros, Breno and Mortimore, Chuck},
  journal={The OpenID Foundation, specification},
  year={2014}
}

@techreport{rfc:bearertoken,
  title={The oauth 2.0 authorization framework: Bearer token usage},
  author={Jones, Michael and Hardt, Dick},
  year={2012}
}

@techreport{rfc:jwk,
  title={JSON web key (JWK)},
  author={Jones, Michael},
  year={2015}
}

@techreport{rfc:jws,
  title={JSON web signature (JWS)},
  author={Jones, Michael and Bradley, John and Sakimura, Nat},
  year={2015}
}

@techreport{rfc:oauth2,
  title={The OAuth 2.0 authorization framework},
  author={Hardt, Dick},
  year={2012}
}

@article{rfc:cors,
  title={Cross-origin resource sharing},
  author={Van Kesteren, Anne and others},
  journal={W3C Working Draft WD-cors-20100727, latest version available at< http://www. w3. org/TR/cors},
  year={2010}
}