@online{wiki:hibernate,
    title     = "Hibernate Framework",
    url       = "https://en.wikipedia.org/wiki/Hibernate_(framework)"
}

@online{wiki:war,
    title     = "Web Application Archive (WAR)",
    url       = "https://en.wikipedia.org/wiki/WAR_(file_format)"
}
